@article{wikibook_1,
    author =       "Albert Einstein",
    title =        "{Zur Elektrodynamik bewegter K{\"o}rper}. ({German})
        [{On} the electrodynamics of moving bodies]",
    journal =      "Annalen der Physik",
    volume =       "322",
    number =       "10",
    pages =        "891--921",
    year =         "1905",
    DOI =          "http://dx.doi.org/10.1002/andp.19053221004"
}
 
@book{latexcompanion,
    author= "Leslie Lamport",
    title     = "\LaTeX\ : A document preparation system: User's guide and reference",
    year      = "1994",
    publisher = "Addison-Wesley"
}

@misc{wikibook,
    author = "Wikibooks.org. LaTeX",
    year   = "2015",
    howpublished = {\url{"https://en.wikibooks.org/wiki/LaTeX"}},
    note   = "last accessd on November 21, 2015"
}